<record><leader>00000cas a22000007a 4500</leader><controlfield tag="001">18932448</controlfield><controlfield tag="008">881221d18951911aluwr ne      0    0eng d</controlfield><datafield ind1=" " ind2=" " tag="010"><subfield code="a">sn 88050245 </subfield></datafield><datafield ind1=" " ind2=" " tag="040"><subfield code="a">AAR</subfield><subfield code="b">eng</subfield><subfield code="c">AAR</subfield><subfield code="d">CPN</subfield><subfield code="d">OCLCQ</subfield></datafield><datafield ind1=" " ind2=" " tag="042"><subfield code="a">msc</subfield></datafield><datafield ind1="0" ind2=" " tag="130"><subfield code="a">Marengo Democrat (Linden, Ala.)</subfield></datafield><datafield ind1="1" ind2="4" tag="245"><subfield code="a">The Marengo Democrat.</subfield></datafield><datafield ind1=" " ind2=" " tag="260"><subfield code="a">Linden, Ala. :</subfield><subfield code="b">R.M. Douglas &amp; R.C. Wooten,</subfield><subfield code="c">1895-</subfield></datafield><datafield ind1=" " ind2=" " tag="300"><subfield code="a">v.</subfield></datafield><datafield ind1=" " ind2=" " tag="310"><subfield code="a">Weekly</subfield></datafield><datafield ind1="0" ind2=" " tag="362"><subfield code="a">Vol. 1, no. 1 (June 6, 1895)-</subfield></datafield><datafield ind1="1" ind2=" " tag="362"><subfield code="a">Ceased in Jan. 1911.</subfield></datafield><datafield ind1=" " ind2=" " tag="515"><subfield code="a">Numbering is irregular.</subfield></datafield><datafield ind1=" " ind2=" " tag="752"><subfield code="a">United States</subfield><subfield code="b">Alabama</subfield><subfield code="c">Marengo</subfield><subfield code="d">Linden.</subfield></datafield><datafield ind1="0" ind2="0" tag="780"><subfield code="t">Reform Democrat</subfield><subfield code="w">(DLC)sn 88050244</subfield></datafield><datafield ind1="0" ind2="7" tag="785"><subfield code="t">Linden reporter (Linden, Ala.)</subfield><subfield code="w">(DLC)sn 88050246</subfield></datafield><datafield ind1="0" ind2="7" tag="785"><subfield code="t">Democrat-reporter</subfield><subfield code="w">(DLC)sn 85044910</subfield></datafield></record>